%---------------------------------------------------------------------------%
%-                                                                         -%
%-                             Bibliography                                -%
%-                                                                         -%
%---------------------------------------------------------------------------%

@article{TPM1,
  title={{Trusted Platform Module Library Specification, Family ``1.2", Revision 116}},
  author={TCG},
  year={2003},
  publisher={TCG},
  url={http://www.trustedcomputinggroup.org/tpm-main-specification}
}

@article{ISO1,
  title={PAS DIS 11889: Information technology - Security techniques - Trusted Platform Module},
  author={{ISO/IEC 11889}},
  year={2009},
  publisher={ISO/IEC},
  url={http://www.iso.org/iso/catalogue_detail.htm?csnumber=50970}
}

@article{TPM2,
  title={{Trusted Platform Module Library Specification, Family ``2.0", Level 00, Revision 01.38}},
  author={TCG},
  year={2014},
  publisher={TCG},
  url={http://www.trustedcomputinggroup.org/tpm-library-specification}
}

@article{ISO2,
  title={PAS DIS 11889: Information technology - Security techniques - Trusted Platform Module},
  author={{ISO/IEC 11889}},
  year={2015},
  publisher={ISO/IEC},
  url={https://www.iso.org/standard/66510.html}
}

@article{needham1978using,
title={Using encryption for authentication in large networks of computers},
author={Needham, Roger M and Schroeder, Michael D},
journal={Communications of the ACM},
volume={21},
number={12},
pages={993--999},
year={1978},
publisher={ACM} 
}

@inproceedings{dolev1981security,
  title={On the security of public key protocols},
  author={Dolev, D and Yao, AC},
  booktitle={Foundations of Computer Science, 1981. SFCS'81. 22nd Annual Symposium on},
  pages={350--357},
  year={1981},
  organization={IEEE}
}

@inproceedings{dolev1983security,
  title={On the security of ping-pong protocols},
  author={Dolev, Danny and Even, Shimon and Karp, Richard M},
  booktitle={Advances in Cryptology},
  pages={177--186},
  year={1983},
  organization={Springer}
}

@article{millen1987interrogator,
  title={The interrogator: Protocol secuity analysis},
  author={Millen, Jonathan K. and Clark, Sidney C. and Freedman, Sheryl B.},
  journal={IEEE Transactions on software Engineering},
  number={2},
  pages={274--288},
  year={1987},
  publisher={IEEE}
}

@inproceedings{meadows1994model,
  title={A model of computation for the NRL protocol analyzer},
  author={Meadows, Catherine},
  booktitle={Computer Security Foundations Workshop VII, 1994. CSFW 7. Proceedings},
  pages={84--89},
  year={1994},
  organization={IEEE}
}

@article{burrows1989logic,
  title={A logic of authentication},
  author={Burrows, Michael and Abadi, Martin and Needham, Roger Michael},
  journal={Proc. R. Soc. Lond. A},
  volume={426},
  number={1871},
  pages={233--271},
  year={1989},
  publisher={The Royal Society}
}

@article{abadi1999secrecy,
  title={Secrecy by typing in security protocols},
  author={Abadi, Mart{\'\i}n},
  journal={Journal of the ACM (JACM)},
  volume={46},
  number={5},
  pages={749--786},
  year={1999},
  publisher={ACM}
}

@article{gordon2003authenticity,
  title={Authenticity by typing for security protocols 1},
  author={Gordon, Andrew D and Jeffrey, Alan},
  journal={Journal of computer security},
  volume={11},
  number={4},
  pages={451--519},
  year={2003},
  publisher={IOS Press}
}

@article{kemmerer1994three,
  title={Three systems for cryptographic protocol analysis},
  author={Kemmerer, Richard and Meadows, Catherine and Millen, Jonathan},
  journal={Journal of CRYPTOLOGY},
  volume={7},
  number={2},
  pages={79--130},
  year={1994},
  publisher={Springer}
}

@inproceedings{dutertre1997using,
  title={Using a PVS embedding of CSP to verify authentication protocols},
  author={Dutertre, Bruno and Schneider, Steve},
  booktitle={International Conference on Theorem Proving in Higher Order Logics},
  pages={121--136},
  year={1997},
  organization={Springer}
}

@article{paulson1998inductive,
  title={The inductive approach to verifying cryptographic protocols},
  author={Paulson, Lawrence C},
  journal={Journal of computer security},
  volume={6},
  number={1-2},
  pages={85--128},
  year={1998},
  publisher={IOS Press}
}

@inproceedings{fabrega1998strand,
  title={Strand spaces: Why is a security protocol correct?},
  author={F{\'a}brega, F Javier Thayer and Herzog, Jonathan C and Guttman, Joshua D},
  booktitle={Security and Privacy, 1998. Proceedings. 1998 IEEE Symposium on},
  pages={160--171},
  year={1998},
  organization={IEEE}
}

@inproceedings{owre1992pvs,
  title={PVS: A prototype verification system},
  author={Owre, Sam and Rushby, John M and Shankar, Natarajan},
  booktitle={International Conference on Automated Deduction},
  pages={748--752},
  year={1992},
  organization={Springer}
}

@article{song2001athena,
  title={Athena: a novel approach to efficient automatic security protocol analysis 1},
  author={Song, Dawn Xiaodong and Berezin, Sergey and Perrig, Adrian},
  journal={Journal of Computer Security},
  volume={9},
  number={1-2},
  pages={47--74},
  year={2001},
  publisher={IOS Press}
}

@book{milner1999communicating,
  title={Communicating and mobile systems: the pi calculus},
  author={Milner, Robin},
  year={1999},
  publisher={Cambridge university press}
}

@inproceedings{abadi2001mobile,
  title={Mobile values, new names, and secure communication},
  author={Abadi, Mart{\'\i}n and Fournet, C{\'e}dric},
  booktitle={ACM Sigplan Notices},
  volume={36},
  number={3},
  pages={104--115},
  year={2001},
  organization={ACM}
}

@inproceedings{abadi1997calculus,
  title={A calculus for cryptographic protocols: The spi calculus},
  author={Abadi, Mart{\'\i}n and Gordon, Andrew D},
  booktitle={Proceedings of the 4th ACM conference on Computer and communications security},
  pages={36--47},
  year={1997},
  organization={ACM}
}

@article{abadi2017applied,
  title={The applied pi calculus: mobile values, new names, and secure communication},
  author={Abadi, Mart{\'\i}n and Blanchet, Bruno and Fournet, C{\'e}dric},
  journal={Journal of the ACM (JACM)},
  volume={65},
  number={1},
  pages={1},
  year={2017},
  publisher={ACM}
}

@inproceedings{blanchet2001efficient,
  title={An efficient cryptographic protocol verifier based on prolog rules},
  author={Blanchet, Bruno},
  booktitle={csfw},
  pages={0082},
  year={2001},
  organization={IEEE}
}

@article{abadi2002analyzing,
  title={Analyzing security protocols with secrecy types and logic programs},
  author={Abadi, Mart{\'\i}n and Blanchet, Bruno},
  journal={ACM SIGPLAN Notices},
  volume={37},
  number={1},
  pages={33--44},
  year={2002},
  publisher={ACM}
}

@article{abadi2005analyzing,
  title={Analyzing security protocols with secrecy types and logic programs},
  author={Abadi, Mart{\'\i}n and Blanchet, Bruno},
  journal={Journal of the ACM (JACM)},
  volume={52},
  number={1},
  pages={102--146},
  year={2005},
  publisher={ACM}
}

@inproceedings{blanchet2008automated,
  title={Automated formal analysis of a protocol for secure file sharing on untrusted storage},
  author={Blanchet, Bruno and Chaudhuri, Avik},
  booktitle={Security and Privacy, 2008. SP 2008. IEEE Symposium on},
  pages={417--431},
  year={2008},
  organization={IEEE}
}

@inproceedings{bhargavan2017verified,
  title={Verified models and reference implementations for the TLS 1.3 standard candidate},
  author={Bhargavan, Karthikeyan and Blanchet, Bruno and Kobeissi, Nadim},
  booktitle={Security and Privacy (SP), 2017 IEEE Symposium on},
  pages={483--502},
  year={2017},
  organization={IEEE}
}

@inproceedings{blanchet2002secrecy,
  title={From secrecy to authenticity in security protocols},
  author={Blanchet, Bruno},
  booktitle={International Static Analysis Symposium},
  pages={342--359},
  year={2002},
  organization={Springer}
}

@article{blanchet2009automatic,
  title={Automatic verification of correspondences for security protocols},
  author={Blanchet, Bruno},
  journal={Journal of Computer Security},
  volume={17},
  number={4},
  pages={363--434},
  year={2009},
  publisher={IOS Press}
}

@book{blanchet2004automatic,
  title={Automatic proof of strong secrecy for security protocols},
  author={Blanchet, Bruno},
  year={2004},
  publisher={IEEE}
}

@inproceedings{blanchet2005automated,
  title={Automated verification of selected equivalences for security protocols},
  author={Blanchet, Bruno and Abadi, Mart{\'\i}n and Fournet, C{\'e}dric},
  booktitle={Logic in Computer Science, 2005. LICS 2005. Proceedings. 20th Annual IEEE Symposium on},
  pages={331--340},
  year={2005},
  organization={IEEE}
}

@inproceedings{cheval2013proving,
  title={Proving more observational equivalences with ProVerif},
  author={Cheval, Vincent and Blanchet, Bruno},
  booktitle={International Conference on Principles of Security and Trust},
  pages={226--246},
  year={2013},
  organization={Springer}
}

@inproceedings{blanchet2016automated,
  title={Automated reasoning for equivalences in the applied pi calculus with barriers},
  author={Blanchet, Bruno and Smyth, Ben},
  booktitle={Computer Security Foundations Symposium (CSF), 2016 IEEE 29th},
  pages={310--324},
  year={2016},
  organization={IEEE}
}

@inproceedings{arapinis2011statverif,
  title={StatVerif: Verification of Stateful Processes},
  author={Arapinis, Myrto and Ritter, Eike and Ryan, Mark D},
  booktitle={2011 24th Computer Security Foundations Symposium},
  pages={33--47},
  year={2011},
  organization={IEEE}
}

@article{kremer2016automated,
  title={Automated analysis of security protocols with global state},
  author={Kremer, Steve and K{\"u}nnemann, Robert},
  journal={Journal of Computer Security},
  volume={24},
  number={5},
  pages={583--616},
  year={2016},
  publisher={IOS Press}
}

@inproceedings{schmidt2014automated,
  title={Automated verification of group key agreement protocols},
  author={Schmidt, Benedikt and Sasse, Ralf and Cremers, Cas and Basin, David},
  booktitle={2014 IEEE Symposium on Security and Privacy (SP)},
  pages={179--194},
  year={2014},
  organization={IEEE}
}

@inproceedings{paiola2012verification,
  title={Verification of security protocols with lists: from length one to unbounded length},
  author={Paiola, Miriam and Blanchet, Bruno},
  booktitle={International Conference on Principles of Security and Trust},
  pages={69--88},
  year={2012},
  organization={Springer}
}

@inproceedings{arapinis2014stateful,
  title={Stateful applied pi calculus},
  author={Arapinis, Myrto and Liu, Jia and Ritter, Eike and Ryan, Mark},
  booktitle={International Conference on Principles of Security and Trust},
  pages={22--41},
  year={2014},
  organization={Springer}
}

@inproceedings{chothia2015automatically,
  title={Automatically checking commitment protocols in proverif without false attacks},
  author={Chothia, Tom and Smyth, Ben and Staite, Chris},
  booktitle={International Conference on Principles of Security and Trust},
  pages={137--155},
  year={2015},
  organization={Springer}
}

@inproceedings{abadi2000reconciling,
  title={Reconciling two views of cryptography},
  author={Abadi, Mart{\i}n and Rogaway, Phillip},
  booktitle={Proceedings of the IFIP International Conference on Theoretical Computer Science},
  pages={3--22},
  year={2000},
  organization={Springer}
}

@inproceedings{backes2003composable,
  title={A composable cryptographic library with nested operations},
  author={Backes, Michael and Pfitzmann, Birgit and Waidner, Michael},
  booktitle={Proceedings of the 10th ACM conference on Computer and communications security},
  pages={220--230},
  year={2003},
  organization={ACM}
}

@inproceedings{cortier2005computationally,
  title={Computationally sound, automated proofs for security protocols},
  author={Cortier, V{\'e}ronique and Warinschi, Bogdan},
  booktitle={European Symposium on Programming},
  pages={157--171},
  year={2005},
  organization={Springer}
}

@inproceedings{janvier2005completing,
  title={Completing the picture: Soundness of formal encryption in the presence of active adversaries},
  author={Janvier, Romain and Lakhnech, Yassine and Mazar{\'e}, Laurent},
  booktitle={European Symposium on Programming},
  pages={172--185},
  year={2005},
  organization={Springer}
}

@inproceedings{canetti2006universally,
  title={Universally composable symbolic analysis of mutual authentication and key-exchange protocols},
  author={Canetti, Ran and Herzog, Jonathan},
  booktitle={Theory of Cryptography Conference},
  pages={380--403},
  year={2006},
  organization={Springer}
}

@inproceedings{backes2009cosp,
  title={CoSP: A general framework for computational soundness proofs},
  author={Backes, Michael and Hofheinz, Dennis and Unruh, Dominique},
  booktitle={Proceedings of the 16th ACM conference on Computer and communications security},
  pages={66--78},
  year={2009},
  organization={ACM}
}

@inproceedings{backes2010computationally,
  title={Computationally sound verification of source code},
  author={Backes, Michael and Maffei, Matteo and Unruh, Dominique},
  booktitle={Proceedings of the 17th ACM conference on Computer and communications security},
  pages={387--398},
  year={2010},
  organization={ACM}
}

@inproceedings{backes2014computational,
  title={Computational soundness results for ProVerif},
  author={Backes, Michael and Mohammadi, Esfandiar and Ruffing, Tim},
  booktitle={International Conference on Principles of Security and Trust},
  pages={42--62},
  year={2014},
  organization={Springer}
}

@inproceedings{shao2016computational,
  title={Computational Soundness Results for Stateful Applied Pi Calculus},
  author={Shao, Jianxiong and Qin, Yu and Feng, Dengguo},
  booktitle={International Conference on Principles of Security and Trust},
  pages={254--275},
  year={2016},
  organization={Springer}
}

@article{halevi2005plausible,
  title={A plausible approach to computer-aided cryptographic proofs.},
  author={Halevi, Shai},
  journal={IACR Cryptology ePrint Archive},
  volume={2005},
  pages={181},
  year={2005},
  publisher={Citeseer}
}

@inproceedings{bellare2006security,
  title={The security of triple encryption and a framework for code-based game-playing proofs},
  author={Bellare, Mihir and Rogaway, Phillip},
  booktitle={Annual International Conference on the Theory and Applications of Cryptographic Techniques},
  pages={409--426},
  year={2006},
  organization={Springer}
}

@inproceedings{blanchet2006computationally,
  title={A computationally sound mechanized prover for security protocols},
  author={Blanchet, B},
  booktitle={Security and Privacy, 2006 IEEE Symposium on},
  pages={15--pp},
  year={2006},
  organization={IEEE}
}

@article{blanchet2008computationally,
  title={A computationally sound mechanized prover for security protocols},
  author={Blanchet, Bruno},
  journal={IEEE Transactions on Dependable and Secure Computing},
  volume={5},
  number={4},
  pages={193--207},
  year={2008},
  publisher={IEEE}
}

@inproceedings{blanchet2007computationally,
  title={Computationally sound mechanized proofs of correspondence assertions},
  author={Blanchet, Bruno},
  booktitle={Computer Security Foundations Symposium, 2007. CSF'07. 20th IEEE},
  pages={97--111},
  year={2007},
  organization={IEEE}
}

@inproceedings{BlanchetJaggardScedrovTsayAsiaCCS08,
  title={Computationally sound mechanized proofs for basic and public-key Kerberos},
  author={Blanchet, Bruno and Jaggard, Aaron D and Scedrov, Andre and Tsay, J-K},
  booktitle={Proceedings of the 2008 ACM symposium on Information, computer and communications security},
  pages={87--99},
  year={2008},
  organization={ACM}
}

@article{cade2013computationally,
  title={From Computationally-Proved Protocol Specifications to Implementations and Application to SSH},
  author={Cad{\'e}, David and Blanchet, Bruno},
  journal={JoWUA},
  volume={4},
  number={1},
  pages={4--31},
  year={2013}
}

@inproceedings{BlanchetCSF18,
  TITLE = {Composition Theorems for {C}rypto{V}erif and Application to {TLS} 1.3},
  AUTHOR = {Bruno Blanchet},
  BOOKTITLE = {Computer Security Foundations Symposium (CSF), 2017 IEEE 31th},
  YEAR = {2018},
  OPTPAGES = {},
  NOTE = {To appear},
  MONTH = JUL,
  ADDRESS = {Oxford, UK},
  PUBLISHER = {IEEE Computer Society}
}

@article{barthe2009formal,
  title={Formal certification of code-based cryptographic proofs},
  author={Barthe, Gilles and Gr{\'e}goire, Benjamin and Zanella B{\'e}guelin, Santiago},
  journal={ACM SIGPLAN Notices},
  volume={44},
  number={1},
  pages={90--101},
  year={2009},
  publisher={ACM}
}

@inproceedings{barthe2011computer,
  title={Computer-aided security proofs for the working cryptographer},
  author={Barthe, Gilles and Gr{\'e}goire, Benjamin and Heraud, Sylvain and B{\'e}guelin, Santiago Zanella},
  booktitle={Annual Cryptology Conference},
  pages={71--90},
  year={2011},
  organization={Springer}
}

@inproceedings{blanchet2017symbolic,
  title={Symbolic and computational mechanized verification of the arinc823 avionic protocols},
  author={Blanchet, Bruno},
  booktitle={Computer Security Foundations Symposium (CSF), 2017 IEEE 30th},
  pages={68--82},
  year={2017},
  organization={IEEE}
}

@inproceedings{datta2009logic,
  title={A logic of secure systems and its application to trusted computing},
  author={Datta, Anupam and Franklin, Jason and Garg, Deepak and Kaynar, Dilsun},
  booktitle={Security and Privacy, 2009 30th IEEE Symposium on},
  pages={221--236},
  year={2009},
  organization={IEEE}
}

@phdthesis{lin2005automated,
  title={Automated analysis of security APIs},
  author={Lin, Amerson H},
  year={2005},
  school={Massachusetts Institute of Technology}
}

@inproceedings{gurgens2007security,
  title={Security evaluation of scenarios based on the TCG’s TPM specification},
  author={G{\"u}rgens, Sigrid and Rudolph, Carsten and Scheuermann, Dirk and Atts, Marion and Plaga, Rainer},
  booktitle={European Symposium on Research in Computer Security},
  pages={438--453},
  year={2007},
  organization={Springer}
}

@inproceedings{bruschi2005replay,
  title={Replay attack in TCG specification and solution},
  author={Bruschi, Danilo and Cavallaro, Lorenzo and Lanzi, Andrea and Monga, Mattia},
  booktitle={Computer Security Applications Conference, 21st Annual},
  pages={11--pp},
  year={2005},
  organization={IEEE}
}

@incollection{chen2009offline,
  title={Offline dictionary attack on TCG TPM weak authorisation data, and solution},
  author={Chen, Liqun and Ryan, Mark},
  booktitle={Future of Trust in Computing},
  pages={193--196},
  year={2009},
  publisher={Springer}
}

@inproceedings{chen2009attack,
  title={Attack, solution and verification for shared authorisation data in TCG TPM},
  author={Chen, Liqun and Ryan, Mark},
  booktitle={International Workshop on Formal Aspects in Security and Trust},
  pages={201--216},
  year={2009},
  organization={Springer}
}

@inproceedings{delaune2010formal,
  title={A formal analysis of authentication in the TPM},
  author={Delaune, St{\'e}phanie and Kremer, Steve and Ryan, Mark D and Steel, Graham},
  booktitle={International Workshop on Formal Aspects in Security and Trust},
  pages={111--125},
  year={2010},
  organization={Springer}
}

@inproceedings{delaune2011formal,
  title={Formal analysis of protocols based on TPM state registers},
  author={Delaune, St{\'e}phanie and Kremer, Steve and Ryan, Mark D and Steel, Graham},
  booktitle={24th IEEE Computer Security Foundations Symposium (CSF 2011)},
  pages={66--80},
  year={2011},
  organization={IEEE}
}

@inproceedings{shao2013type,
  title={Type-based analysis of protected storage in the TPM},
  author={Shao, Jianxiong and Feng, Dengguo and Qin, Yu},
  booktitle={International Conference on Information and Communications Security},
  pages={135--150},
  year={2013},
  organization={Springer}
}

@article{zhang2014formal,
  title={Formal analysis of TPM2. 0 key management APIs},
  author={Zhang, Qianying and Zhao, Shijun and Qin, Yu and Feng, Dengguo},
  journal={Chinese science bulletin},
  volume={59},
  number={32},
  pages={4210--4224},
  year={2014},
  publisher={Springer}
}

@article{zhao2015security,
  title={Security analysis of SM2 key exchange protocol in TPM2. 0},
  author={Zhao, Shijun and Xi, Li and Zhang, Qianying and Qin, Yu and Feng, Dengguo},
  journal={Security and Communication Networks},
  volume={8},
  number={3},
  pages={383--395},
  year={2015},
  publisher={Wiley Online Library}
}

@article{Shao2018Formal,
  title={Formal analysis of HMAC authorisation in the TPM2.0 specification},
  author={Shao, Jianxiong and Qin, Yu and Feng, Dengguo},
  journal={Iet Information Security},
  volume={12},
  number={2},
  pages={133-140},
  year={2018},
}

@inproceedings{Cortier2009A,
  title={A Generic Security API for Symmetric Key Management on Cryptographic Devices},
  author={Cortier, Véronique and Steel, Graham},
  booktitle={European Symposium on Research in Computer Security},
  pages={605-620},
  year={2009},
}

@article{Cortier2014A,
  title={A Generic Security API for Symmetric Key Management on Cryptographic Devices},
  author={Cortier, Véronique and Steel, Graham},
  journal={Information \& Computation},
  volume={238},
  number={C},
  pages={208-232},
  year={2014},
}

@inproceedings{Daubignard2014A,
  title={A Secure Key Management Interface with Asymmetric Cryptography},
  author={Daubignard, Marion and Lubicz, David and Steel, Graham},
  booktitle={International Conference on Principles of Security and Trust},
  pages={63-82},
  year={2014},
}

@inproceedings{Cachin2009A,
  title={A Secure Cryptographic Token Interface},
  author={Cachin, Christian and Chandran, Nishanth},
  booktitle={IEEE Computer Security Foundations Symposium},
  pages={141-153},
  year={2009},
}

@article{ChuF15,
  author    = {XiaoBo Chu and Dengguo Feng},
  title     = {On the provable security of {TPM2.0} cryptography APIs},
  journal   = {{IJES}},
  volume    = {7},
  number    = {3/4},
  pages     = {230-243},
  year      = {2015},
}

@inproceedings{backes2008zero,
  title={Zero-knowledge in the applied pi-calculus and automated verification of the direct anonymous attestation protocol},
  author={Backes, Michael and Maffei, Matteo and Unruh, Dominique},
  booktitle={Security and Privacy, 2008. SP 2008. IEEE Symposium on},
  pages={202--215},
  year={2008},
  organization={IEEE}
}

@inproceedings{smyth2011formal,
  title={Formal analysis of anonymity in ECC-based Direct Anonymous Attestation schemes},
  author={Smyth, Ben and Ryan, Mark and Chen, Liqun},
  booktitle={International Workshop on Formal Aspects in Security and Trust},
  pages={245--262},
  year={2011},
  organization={Springer}
}

@article{Smyth2015Formal,
  title={Formal analysis of privacy in Direct Anonymous Attestation schemes ☆},
  author={Smyth, Ben and Ryan, Mark D. and Chen, Liqun},
  journal={Science of Computer Programming},
  volume={111},
  pages={300-317},
  year={2015},
}

@inproceedings{Brickell2012A,
  title={A Static Diffie-Hellman Attack on Several Direct Anonymous Attestation Schemes},
  author={Brickell, Ernie and Chen, Liqun and Li, Jiangtao},
  booktitle={International Conference on Trusted Systems},
  pages={95-111},
  year={2012},
}

@inproceedings{xi2014formal,
  title={Formal analysis of DAA-related APIs in TPM 2.0},
  author={Xi, Li and Feng, Dengguo},
  booktitle={International Conference on Network and System Security},
  pages={421--434},
  year={2014},
  organization={Springer}
}

@inproceedings{Camenisch2016Universally,
  title={Universally Composable Direct Anonymous Attestation},
  author={Camenisch, Jan and Drijvers, Manu and Lehmann, Anja},
  booktitle={Proceedings, Part II, of the 19th IACR International Conference on Public-Key Cryptography --- PKC 2016 - Volume 9615},
  pages={234-264},
  year={2016},
}

@article{chaum1985security,
  title={Security without identification: Transaction systems to make big brother obsolete},
  author={Chaum, David},
  journal={Communications of the ACM},
  volume={28},
  number={10},
  pages={1030--1044},
  year={1985},
  publisher={ACM}
}

@techreport{camenisch2010specification,
  title={Specification of the identity mixer cryptographic library},
  author={Camenisch, Jan and others},
  year={2010},
  institution={Tech. rep}
}

@article{paquin2011u,
  title={U-prove cryptographic specification v1. 1},
  author={Paquin, Christian and Zaverucha, Greg},
  journal={Technical Report, Microsoft Corporation},
  year={2011}
}

@inproceedings{camenisch2001efficient,
  title={An efficient system for non-transferable anonymous credentials with optional anonymity revocation},
  author={Camenisch, Jan and Lysyanskaya, Anna},
  booktitle={International Conference on the Theory and Applications of Cryptographic Techniques},
  pages={93--118},
  year={2001},
  organization={Springer}
}

@incollection{camenisch2002signature,
  title={A signature scheme with efficient protocols},
  author={Camenisch, Jan and Lysyanskaya, Anna},
  booktitle={Security in communication networks},
  pages={268--289},
  year={2002},
  publisher={Springer}
}

@inproceedings{camenisch2004signature,
  title={Signature schemes and anonymous credentials from bilinear maps},
  author={Camenisch, Jan and Lysyanskaya, Anna},
  booktitle={Annual International Cryptology Conference},
  pages={56--72},
  year={2004},
  organization={Springer}
}

@book{brands2000rethinking,
  title={Rethinking public key infrastructures and digital certificates: building in privacy},
  author={Brands, Stefan},
  year={2000},
  publisher={Mit Press}
}

@inproceedings{baldimtsi2013security,
  title={On the security of one-witness blind signature schemes},
  author={Baldimtsi, Foteini and Lysyanskaya, Anna},
  booktitle={International Conference on the Theory and Application of Cryptology and Information Security},
  pages={82--99},
  year={2013},
  organization={Springer}
}

@inproceedings{baldimtsi2013anonymous,
  title={Anonymous credentials light},
  author={Baldimtsi, Foteini and Lysyanskaya, Anna},
  booktitle={Proceedings of the 2013 ACM SIGSAC conference on Computer \& communications security},
  pages={1087--1098},
  year={2013},
  organization={ACM}
}

@inproceedings{chase2014algebraic,
  title={Algebraic MACs and keyed-verification anonymous credentials},
  author={Chase, Melissa and Meiklejohn, Sarah and Zaverucha, Greg},
  booktitle={Proceedings of the 2014 ACM SIGSAC Conference on Computer and Communications Security},
  pages={1205--1216},
  year={2014},
  organization={ACM}
}

@inproceedings{brickell2004direct,
  title={Direct anonymous attestation},
  author={Brickell, Ernie and Camenisch, Jan and Chen, Liqun},
  booktitle={Proceedings of the 11th ACM conference on Computer and communications security},
  pages={132--145},
  year={2004},
  organization={ACM}
}

@inproceedings{brickell2008new,
  title={A new direct anonymous attestation scheme from bilinear maps},
  author={Brickell, Ernie and Chen, Liqun and Li, Jiangtao},
  booktitle={International Conference on Trusted Computing},
  pages={166--178},
  year={2008},
  organization={Springer}
}

@article{xiaofeng2008direct,
  title={Direct anonymous attestation for next generation TPM},
  author={Xiaofeng, Chen and Dengguo, Feng},
  journal={Journal of Computers},
  volume={3},
  number={12},
  pages={43--50},
  year={2008}
}

@article{brickell2009simplified,
  title={Simplified security notions of direct anonymous attestation and a concrete scheme from pairings},
  author={Brickell, Ernie and Chen, Liqun and Li, Jiangtao},
  journal={International journal of information security},
  volume={8},
  number={5},
  pages={315--330},
  year={2009},
  publisher={Springer}
}

@article{chen2009daa,
  title={DAA: Fixing the pairing based protocols.},
  author={Chen, Liqun and Morrissey, Paul and Smart, Nigel P},
  journal={IACR Cryptology ePrint Archive},
  volume={2009},
  pages={198},
  year={2009}
}

@inproceedings{brickell2010pairing,
  title={A pairing-based DAA scheme further reducing TPM resources},
  author={Brickell, Ernie and Li, Jiangtao},
  booktitle={International Conference on Trust and Trustworthy Computing},
  pages={181--195},
  year={2010},
  organization={Springer}
}

@inproceedings{chen2010design,
  title={On the design and implementation of an efficient DAA scheme},
  author={Chen, Liqun and Page, Dan and Smart, Nigel P},
  booktitle={International Conference on Smart Card Research and Advanced Applications},
  pages={223--237},
  year={2010},
  organization={Springer}
}

@inproceedings{chen2013flexible,
  title={Flexible and scalable digital signatures in TPM 2.0},
  author={Chen, Liqun and Li, Jiangtao},
  booktitle={Proceedings of the 2013 ACM SIGSAC conference on Computer \& communications security},
  pages={37--48},
  year={2013},
  organization={ACM}
}

@inproceedings{brickell2007enhanced,
  title={Enhanced privacy ID: A direct anonymous attestation scheme with enhanced revocation capabilities},
  author={Brickell, Ernie and Li, Jiangtao},
  booktitle={Proceedings of the 2007 ACM workshop on Privacy in electronic society},
  pages={21--30},
  year={2007},
  organization={ACM}
}

@inproceedings{tsang2007blacklistable,
  title={Blacklistable anonymous credentials: blocking misbehaving users without ttps},
  author={Tsang, Patrick P and Au, Man Ho and Kapadia, Apu and Smith, Sean W},
  booktitle={Proceedings of the 14th ACM conference on Computer and communications security},
  pages={72--81},
  year={2007},
  organization={ACM}
}

@inproceedings{tsang2008perea,
  title={PEREA: Towards practical TTP-free revocation in anonymous authentication},
  author={Tsang, Patrick P and Au, Man Ho and Kapadia, Apu and Smith, Sean W},
  booktitle={Proceedings of the 15th ACM conference on Computer and communications security},
  pages={333--344},
  year={2008},
  organization={ACM}
}

@article{au2012blacr,
  title={BLACR: TTP-free blacklistable anonymous credentials with reputation},
  author={Au, Man Ho and Kapadia, Apu and Susilo, Willy},
  year={2012}
}

@inproceedings{au2012perm,
  title={PERM: Practical reputation-based blacklisting without TTPs},
  author={Au, Man Ho and Kapadia, Apu},
  booktitle={Proceedings of the 2012 ACM conference on Computer and communications security},
  pages={929--940},
  year={2012},
  organization={ACM}
}

@inproceedings{yu2012pe,
  title={PE (AR) 2: Privacy-enhanced anonymous authentication with reputation and revocation},
  author={Yu, Kin Ying and Yuen, Tsz Hon and Chow, Sherman SM and Yiu, Siu Ming and Hui, Lucas CK},
  booktitle={European Symposium on Research in Computer Security},
  pages={679--696},
  year={2012},
  organization={Springer}
}

@inproceedings{lofgren2011faust,
  title={Faust: Efficient, ttp-free abuse prevention by anonymous whitelisting},
  author={Lofgren, Peter and Hopper, Nicholas},
  booktitle={Proceedings of the 10th annual ACM workshop on Privacy in the electronic society},
  pages={125--130},
  year={2011},
  organization={ACM}
}

@inproceedings{henry2013thinking,
  title={Thinking inside the BLAC box: smarter protocols for faster anonymous blacklisting},
  author={Henry, Ryan and Goldberg, Ian},
  booktitle={Proceedings of the 12th ACM workshop on Workshop on privacy in the electronic society},
  pages={71--82},
  year={2013},
  organization={ACM}
}

@inproceedings{wang2014exblacr,
  title={ExBLACR: extending BLACR system},
  author={Wang, Weijin and Feng, Dengguo and Qin, Yu and Shao, Jianxiong and Xi, Li and Chu, Xiaobo},
  booktitle={Australasian Conference on Information Security and Privacy},
  pages={397--412},
  year={2014},
  organization={Springer}
}

@inproceedings{xi2014arbra,
  title={ARBRA: anonymous reputation-based revocation with efficient authentication},
  author={Xi, Li and Shao, Jianxiong and Yang, Kang and Feng, Dengguo},
  booktitle={International Conference on Information Security},
  pages={33--53},
  year={2014},
  organization={Springer}
}

@inproceedings{xi2014farb,
  title={FARB: fast anonymous reputation-based blacklisting without TTPs},
  author={Xi, Li and Feng, Dengguo},
  booktitle={Proceedings of the 13th Workshop on Privacy in the Electronic Society},
  pages={139--148},
  year={2014},
  organization={ACM}
}


@inproceedings{YangDecentralized,
    Title = {Decentralized Blacklistable Anonymous Credentials with Reputation},
	Author = {Yang, Rupeng and Au, Man Ho and Xu, Qiuliang and Yu, Zuoxia},
	Booktitle = {Australasian Conference on Information Security and Privacy},
	Pages = {720--738},
	Publisher = {Springer International Publishing},
	Year = {2018}
}


@phdthesis{邵健雄2016下一代可信计算协议的设计与分析,
  title={下一代可信计算协议的设计与分析},
  author={邵健雄},
  school={中国科学院大学},
  year={2016},
}

@inproceedings{adida2008helios,
  title={Helios: Web-based Open-Audit Voting.},
  author={Adida, Ben},
  booktitle={USENIX security symposium},
  volume={17},
  pages={335--348},
  year={2008}
}

@inproceedings{clarkson2008civitas,
  title={Civitas: Toward a secure voting system},
  author={Clarkson, Michael R and Chong, Stephen and Myers, Andrew C},
  booktitle={Security and Privacy, 2008. SP 2008. IEEE Symposium on},
  pages={354--368},
  year={2008},
  organization={IEEE}
}

@inproceedings{mccarthy2014hawk,
  title={Hawk and Aucitas: e-auction schemes from the Helios and Civitas e-voting schemes},
  author={McCarthy, Adam and Smyth, Ben and Quaglia, Elizabeth A},
  booktitle={International Conference on Financial Cryptography and Data Security},
  pages={51--63},
  year={2014},
  organization={Springer}
}

@inproceedings{chaum1988untraceable,
  title={Untraceable electronic cash},
  author={Chaum, David and Fiat, Amos and Naor, Moni},
  booktitle={Conference on the Theory and Application of Cryptography},
  pages={319--327},
  year={1988},
  organization={Springer}
}

@article{nakamoto2008bitcoin,
  title={Bitcoin: A peer-to-peer electronic cash system},
  author={Nakamoto, Satoshi},
  year={2008},
  publisher={Working Paper}
}

@article{Win10,
  title={{Trusted Platform Module Technology Overview}},
  author={Microsoft},
  year={2017},
  url={https://technet.microsoft.com/en-us/itpro/windows/keep-secure/trusted-platform-module-overview}
}

@book{wikibook2014latex,
    title={http://en.wikibooks.org/wiki/LaTeX},
    author={Wikibook},
    year={2014},
    publisher={On-line Resources}
}
@book{lamport1986document,
    title={Document Preparation System},
    author={Lamport, Leslie},
    year={1986},
    publisher={Addison-Wesley Reading, MA}
}
@article{chen2005zhulu,
    title={著录文后参考文献的规则及注意事项},
    author={陈浩元},
    key={Chen Hao Yuan},
    journal={编辑学报},
    volume={17},
    number={6},
    pages={413--415},
    year={2005}
}
@book{chu2004tushu,
    title={图书馆数字参考咨询服务研究},
    author={初景利},
    key={Chu Jing Li},
    year={2004},
    address={北京},
    publisher={北京图书馆出版社}
}
@article{stamerjohanns2009mathml,
    title={{MathML}-aware article conversion from {LaTeX}},
    author={Stamerjohanns, Heinrich and Ginev, Deyan and David, Catalin and Misev, Dimitar and Zamdzhiev, Vladimir and Kohlhase, Michael},
    journal={Towards a Digital Mathematics Library},
    volume={16},
    number={2},
    pages={109--120},
    year={2009},
    publisher={Masaryk University Press}
}
@book{hls2012jinji,
    author       = {哈里森·沃尔德伦},
    key          = {Haliseng Woerdelun},
    translator   = {谢远涛},
    title        = {经济数学与金融数学},
    address      = {北京},
    publisher    = {中国人民大学出版社},
    year         = {2012},
    pages        = {235--236},
}
@proceedings{niu2013zonghe,
    editor       = {牛志明 and 斯温兰德 and 雷光春},
    key          = {Niu Zhi Ming Siwenlande Lei Guang Chun},
    title        = {综合湿地管理国际研讨会论文集},
    address      = {北京},
    publisher    = {海洋出版社},
    year         = {2013},
}
@incollection{chen1980zhongguo,
    author       = {陈晋镳 and 张惠民 and 朱士兴 and 赵震 and
        王振刚},
    key          = {Chen Jing Ao Zhang Hui Ming Zhu Shi Xing Zhao Zhen Wang Zhen Gang},
    title        = {蓟县震旦亚界研究},
    editor       = {中国地质科学院天津地质矿产研究所},
    booktitle    = {中国震旦亚界},
    address      = {天津},
    publisher    = {天津科学技术出版社},
    year         = {1980},
    pages        = {56--114},
}
@article{yuan2012lana,
    author       = {袁训来 and 陈哲 and 肖书海},
    key          = {Yuan xun lai Chen zhe Xiao shu Hai},
    title        = {蓝田生物群: 一个认识多细胞生物起源和早期演化的新窗口 -- 篇一},
    journal      = {科学通报},
    year         = {2012},
    volume       = {57},
    number       = {34},
    pages        = {3219},
}
@article{yuan2012lanb,
    author       = {袁训来 and 陈哲 and 肖书海},
    key          = {Yuan xun lai Chen zhe Xiao shu Hai},
    title        = {蓝田生物群: 一个认识多细胞生物起源和早期演化的新窗口 -- 篇二},
    journal      = {科学通报},
    year         = {2012},
    volume       = {57},
    number       = {34},
    pages        = {3219},
}
@article{yuan2012lanc,
    author       = {袁训来 and 陈哲 and 肖书海},
    key          = {Yuan xun lai Chen zhe Xiao shu Hai},
    title        = {蓝田生物群: 一个认识多细胞生物起源和早期演化的新窗口 -- 篇三},
    journal      = {科学通报},
    year         = {2012},
    volume       = {57},
    number       = {34},
    pages        = {3219},
}
@article{walls2013drought,
    author       = {Walls, Susan C. and Barichivich, William J. and Brown, Mary
        E.},
    title        = {Drought, deluge and declines: the impact of precipitation
        extremes on amphibians in a changing climate},
    journal      = {Biology},
    year         = {2013},
    volume       = {2},
    number       = {1},
    pages        = {399--418},
    urldate      = {2013-11-04},
    url          = {http://www.mdpi.com/2079-7737/2/1/399},
    doi          = {10.3390/biology2010399},
}
@article{Bohan1928,
    author = { ボハン, デ},
    title = { 過去及び現在に於ける英国と会 },
    journal = { 日本時報 },
    year = { 1928 },
    volume = { 17 },
    pages = { 5-9 },
    edition = { 9 },
    hyphenation = { japanese },
    language = { japanese }
}

@article{Dubrovin1906,
    author = { Дубровин, А. И },
    title = { Открытое письмо Председателя Главного Совета Союза Русского Народа Санкт-Петербургскому Антонию, Первенствующему члену Священного Синода },
    journal = { Вече },
    year = { 1906 },
    volume = {  },
    edition = { 97 },
    month = { 7 дек. 1906 },
    pages = { 1-3 },
    hyphenation = { russian },
    language = { russian }
}
%---------------------------------------------------------------------------%
